@book{smith2023agile,
  author    = {John Smith},
  title     = {Agile Project Management in Practice},
  year      = {2023},
  publisher = {Springer}
}

@article{jones2024productivity,
  author  = {Emily Jones},
  title   = {Advances in Personal Productivity Tools},
  journal = {Journal of Productivity Studies},
  year    = {2024},
  volume  = {12},
  number  = {3},
  pages   = {45--60}
}
